<record><leader>00000cas a22000007a 4500</leader><controlfield tag="001">14205766</controlfield><controlfield tag="008">860911d18551858inuwr ne      0    0eng d</controlfield><datafield ind1=" " ind2=" " tag="010"><subfield code="a">sn 86058742 </subfield></datafield><datafield ind1=" " ind2=" " tag="040"><subfield code="a">NPI</subfield><subfield code="b">eng</subfield><subfield code="c">NPI</subfield><subfield code="d">OCLCQ</subfield></datafield><datafield ind1=" " ind2=" " tag="042"><subfield code="a">msc</subfield></datafield><datafield ind1="0" ind2=" " tag="130"><subfield code="a">White River Valley times (Worthington, Ind. : 1855)</subfield></datafield><datafield ind1="1" ind2="0" tag="245"><subfield code="a">White River Valley times.</subfield></datafield><datafield ind1=" " ind2=" " tag="260"><subfield code="a">Worthington, Greene County, Ind. :</subfield><subfield code="b">I.N. Morrison,</subfield><subfield code="c">1855-1858.</subfield></datafield><datafield ind1=" " ind2=" " tag="300"><subfield code="a">3 v. :</subfield><subfield code="b">ill. ;</subfield><subfield code="c">54 cm.</subfield></datafield><datafield ind1=" " ind2=" " tag="310"><subfield code="a">Weekly</subfield></datafield><datafield ind1="0" ind2=" " tag="362"><subfield code="a">Vol. 1, no. 1 (Dec. 27, 1855)-v. 3, no. 31 (Sept. 23, 1858).</subfield></datafield><datafield ind1=" " ind2=" " tag="752"><subfield code="a">United States</subfield><subfield code="b">Indiana</subfield><subfield code="c">Greene</subfield><subfield code="d">Worthington.</subfield></datafield><datafield ind1="0" ind2="0" tag="785"><subfield code="t">Valley times (Worthington, Ind.)</subfield><subfield code="w">(DLC)sn 86058743</subfield></datafield></record>